<?xml version="1.0" encoding="UTF-8"?><collection xmlns="http://www.loc.gov/MARC21/slim"><record><leader>00587nam--2200193-i-4500</leader><controlfield tag="001">000043163</controlfield><controlfield tag="002">20161230</controlfield><controlfield tag="005">20170208132456</controlfield><controlfield tag="008">060222s1000------------r-----000-0-eng-d</controlfield><datafield ind1=" " ind2=" " tag="040"><subfield code="a">IFIN-HH</subfield></datafield><datafield ind1=" " ind2=" " tag="080"><subfield code="a">534</subfield></datafield><datafield ind1="1" ind2=" " tag="100"><subfield code="a">Biryukov, S. V</subfield></datafield><datafield ind1="1" ind2="0" tag="245"><subfield code="a">Surface acoustic waves in inhomogeneous media. With 138 fig. and 5 tables</subfield><subfield code="c">S.V. Biryukov, Yu.V. Gulyaev, V.V. Krylov, V.P. Plessky</subfield></datafield><datafield ind1=" " ind2=" " tag="260"><subfield code="a">Berlin</subfield><subfield code="b">Springer-Verlag</subfield><subfield code="c">1995</subfield></datafield><datafield ind1=" " ind2=" " tag="300"><subfield code="a">X + 388 p</subfield></datafield><datafield ind1=" " ind2=" " tag="490"><subfield code="a">Springer Series In Wave Phenomena</subfield></datafield><datafield ind1="1" ind2=" " tag="700"><subfield code="a">Plessky, V.P</subfield></datafield><datafield ind1=" " ind2=" " tag="852"><subfield code="a">80581</subfield><subfield code="c">534</subfield></datafield><datafield ind1=" " ind2=" " tag="CAT"><subfield code="a">SYS</subfield><subfield code="c">20170208</subfield><subfield code="h">132456</subfield></datafield></record></collection>